@InProceedings{agrawal2009phonepoint,
  Title                    = {Phonepoint pen: using mobile phones to write in air},
  Author                   = {Agrawal, Sandip and Constandache, Ionut and Gaonkar, Shravan and Choudhury, Romit Roy},
  Booktitle                = {Proceedings of the 1st ACM workshop on Networking, systems, and applications for mobile handhelds},
  Year                     = {2009},
  Organization             = {ACM},
  Pages                    = {1--6}
}

@Article{fischer2005speech,
  Title                    = {Speech-based text entry for mobile handheld devices: an analysis of efficacy and error correction techniques for server-based solutions},
  Author                   = {Fischer, Arnout RH and Price, Kathleen J and Sears, Andrew},
  Journal                  = {International Journal of Human-Computer Interaction},
  Year                     = {2005},
  Number                   = {3},
  Pages                    = {279--304},
  Volume                   = {19},
  Publisher                = {Taylor \& Francis}
}



@inproceedings{feng2012tunos,
	title={TUNOS: A novel SDN-oriented networking operating system},
	author={Feng, Tao and Bi, Jun and Hu, Hongyu},
	booktitle={2012 20th IEEE International Conference on Network Protocols (ICNP)},
	pages={1--2},
	year={2012},
	organization={IEEE}
}
@inproceedings{kim2012coronet,
	title={Coronet: Fault tolerance for software defined networks},
	author={Kim, Hyojoon and Schlansker, Mike and Santos, Jose Renato and Tourrilhes, Jean and Turner, Yoshio and Feamster, Nick},
	booktitle={2012 20th IEEE International Conference on Network Protocols (ICNP)},
	pages={1--2},
	year={2012},
	organization={IEEE}
}

@inproceedings{lin2012vcp,
	title={VCP: A virtualization cloud platform for SDN intra-domain production network},
	author={Lin, Pingping and Bi, Jun and Hu, Hongyu},
	booktitle={2012 20th IEEE International Conference on Network Protocols (ICNP)},
	pages={1--2},
	year={2012},
	organization={IEEE}
}

@inproceedings{zhang2013steering,
	title={Steering: A software-defined networking for inline service chaining},
	author={Zhang, Ying and Beheshti, Neda and Beliveau, Ludovic and Lefebvre, Geoffrey and Manghirmalani, Ravi and Mishra, Ramesh and Patneyt, Ritun and Shirazipour, Meral and Subrahmaniam, Ramesh and Truchan, Catherine and others},
	booktitle={2013 21st IEEE International Conference on Network Protocols (ICNP)},
	pages={1--10},
	year={2013},
	organization={IEEE}
}

@inproceedings{arefin2013opensession,
  title={OpenSession: SDN-based cross-layer multi-stream management protocol for 3D teleimmersion},
  author={Arefin, Ahsan and Rivas, Raoul and Tabassum, Rehana and Nahrstedt, Klara},
  booktitle={2013 21st IEEE International Conference on Network Protocols (ICNP)},
  pages={1--10},
  year={2013},
  organization={IEEE}
}
@inproceedings{yao2014formal,
  title={Formal modeling and systematic black-box testing of sdn data plane},
  author={Yao, Jiangyuan and Wang, Zhiliang and Yin, Xia and Shiyz, Xingang and Wu, Jianping},
  booktitle={2014 IEEE 22nd International Conference on Network Protocols},
  pages={179--190},
  year={2014},
  organization={IEEE}
}
@inproceedings{dixit2014composing,
  title={Composing heterogeneous SDN controllers with flowbricks},
  author={Dixit, Advait and Kogan, Kirill and Eugster, Patrick},
  booktitle={2014 IEEE 22nd International Conference on Network Protocols},
  pages={287--292},
  year={2014},
  organization={IEEE}
}
@inproceedings{wang2014geni,
  title={GENI Cinema: An SDN-Assisted Scalable Live Video Streaming Service},
  author={Wang, Qing and Xu, Ke and Izard, Ryan and Kribbs, Benton and Porter, Joseph and Wang, Kuang-Ching and Prakash, Aditya and Ramanathan, Parmesh},
  booktitle={2014 IEEE 22nd International Conference on Network Protocols},
  pages={529--532},
  year={2014},
  organization={IEEE}
}
@inproceedings{guo2014traffic,
  title={Traffic engineering in SDN/OSPF hybrid network},
  author={Guo, Yingya and Wang, Zhiliang and Yin, Xia and Shi, Xingang and Wu, Jianping},
  booktitle={2014 IEEE 22nd International Conference on Network Protocols},
  pages={563--568},
  year={2014},
  organization={IEEE}
}
@inproceedings{fu2014orion,
  title={Orion: A hybrid hierarchical control plane of software-defined networking for large-scale networks},
  author={Fu, Yonghong and Bi, Jun and Gao, Kai and Chen, Ze and Wu, Jianping and Hao, Bin},
  booktitle={2014 IEEE 22nd International Conference on Network Protocols},
  pages={569--576},
  year={2014},
  organization={IEEE}
}
@inproceedings{syed2016p,
  title={P roteus: a network service control platform for service evolution in a mobile software defined infrastructure},
  author={Syed, Aisha and Van der Merwe, Jacobus},
  booktitle={Proceedings of the 22nd Annual International Conference on Mobile Computing and Networking},
  pages={257--270},
  year={2016},
  organization={ACM}
}
@inproceedings{levin2012logically,
  title={Logically centralized?: state distribution trade-offs in software defined networks},
  author={Levin, Dan and Wundsam, Andreas and Heller, Brandon and Handigol, Nikhil and Feldmann, Anja},
  booktitle={Proceedings of the first workshop on Hot topics in software defined networks},
  pages={1--6},
  year={2012},
  organization={ACM}
}
@inproceedings{mogul2012hey,
  title={Hey, you darned counters!: get off my ASIC!},
  author={Mogul, Jeffrey C and Congdon, Paul},
  booktitle={Proceedings of the first workshop on Hot topics in software defined networks},
  pages={25--30},
  year={2012},
  organization={ACM}
}
@inproceedings{ferguson2012hierarchical,
  title={Hierarchical policies for software defined networks},
  author={Ferguson, Andrew D and Guha, Arjun and Liang, Chen and Fonseca, Rodrigo and Krishnamurthi, Shriram},
  booktitle={Proceedings of the first workshop on Hot topics in software defined networks},
  pages={37--42},
  year={2012},
  organization={ACM}
}
@inproceedings{heller2012controller,
  title={The controller placement problem},
  author={Heller, Brandon and Sherwood, Rob and McKeown, Nick},
  booktitle={Proceedings of the first workshop on Hot topics in software defined networks},
  pages={7--12},
  year={2012},
  organization={ACM}
}
@inproceedings{hassas2012kandoo,
  title={Kandoo: a framework for efficient and scalable offloading of control applications},
  author={Hassas Yeganeh, Soheil and Ganjali, Yashar},
  booktitle={Proceedings of the first workshop on Hot topics in software defined networks},
  pages={19--24},
  year={2012},
  organization={ACM}
}
@inproceedings{lu2012using,
  title={Using cpu as a traffic co-processing unit in commodity switches},
  author={Lu, Guohan and Miao, Rui and Xiong, Yongqiang and Guo, Chuanxiong},
  booktitle={Proceedings of the first workshop on Hot topics in software defined networks},
  pages={31--36},
  year={2012},
  organization={ACM}
}
@inproceedings{khurshid2013veriflow,
  title={Veriflow: verifying network-wide invariants in real time},
  author={Khurshid, Ahmed and Zou, Xuan and Zhou, Wenxuan and Caesar, Matthew and Godfrey, P Brighten},
  booktitle={Presented as part of the 10th USENIX Symposium on Networked Systems Design and Implementation (NSDI 13)},
  pages={15--27},
  year={2013}
}
@inproceedings{gutz2012splendid,
  title={Splendid isolation: A slice abstraction for software-defined networks},
  author={Gutz, Stephen and Story, Alec and Schlesinger, Cole and Foster, Nate},
  booktitle={Proceedings of the first workshop on Hot topics in software defined networks},
  pages={79--84},
  year={2012},
  organization={ACM}
}
@inproceedings{suresh2012towards,
  title={Towards programmable enterprise WLANS with Odin},
  author={Suresh, Lalith and Schulz-Zander, Julius and Merz, Ruben and Feldmann, Anja and Vazao, Teresa},
  booktitle={Proceedings of the first workshop on Hot topics in software defined networks},
  pages={115--120},
  year={2012},
  organization={ACM}
}
@inproceedings{mcgeer2012safe,
  title={A safe, efficient update protocol for OpenFlow networks},
  author={McGeer, Rick},
  booktitle={Proceedings of the first workshop on Hot topics in software defined networks},
  pages={61--66},
  year={2012},
  organization={ACM}
}
@inproceedings{ghorbani2012walk,
  title={Walk the line: consistent network updates with bandwidth guarantees},
  author={Ghorbani, Soudeh and Caesar, Matthew},
  booktitle={Proceedings of the first workshop on Hot topics in software defined networks},
  pages={67--72},
  year={2012},
  organization={ACM}
}
@inproceedings{handigol2012debugger,
  title={Where is the debugger for my software-defined network?},
  author={Handigol, Nikhil and Heller, Brandon and Jeyakumar, Vimalkumar and Mazi{\'e}res, David and McKeown, Nick},
  booktitle={Proceedings of the first workshop on Hot topics in software defined networks},
  pages={55--60},
  year={2012},
  organization={ACM}
}
@inproceedings{gibb2012outsourcing,
  title={Outsourcing network functionality},
  author={Gibb, Glen and Zeng, Hongyi and McKeown, Nick},
  booktitle={Proceedings of the first workshop on Hot topics in software defined networks},
  pages={73--78},
  year={2012},
  organization={ACM}
}
@inproceedings{casado2012fabric,
  title={Fabric: a retrospective on evolving SDN},
  author={Casado, Martin and Koponen, Teemu and Shenker, Scott and Tootoonchian, Amin},
  booktitle={Proceedings of the first workshop on Hot topics in software defined networks},
  pages={85--90},
  year={2012},
  organization={ACM}
}
@inproceedings{raghavendra2012dynamic,
  title={Dynamic graph query primitives for sdn-based cloudnetwork management},
  author={Raghavendra, Ramya and Lobo, Jorge and Lee, Kang-Won},
  booktitle={Proceedings of the first workshop on Hot topics in software defined networks},
  pages={97--102},
  year={2012},
  organization={ACM}
}
@inproceedings{wang2012programming,
  title={Programming your network at run-time for big data applications},
  author={Wang, Guohui and Ng, TS and Shaikh, Anees},
  booktitle={Proceedings of the first workshop on Hot topics in software defined networks},
  pages={103--108},
  year={2012},
  organization={ACM}
}

@inproceedings{bansal2012openradio,
  title={Openradio: a programmable wireless dataplane},
  author={Bansal, Manu and Mehlman, Jeffrey and Katti, Sachin and Levis, Philip},
  booktitle={Proceedings of the first workshop on Hot topics in software defined networks},
  pages={109--114},
  year={2012},
  organization={ACM}
}

@inproceedings{porras2012security,
  title={A security enforcement kernel for OpenFlow networks},
  author={Porras, Philip and Shin, Seungwon and Yegneswaran, Vinod and Fong, Martin and Tyson, Mabry and Gu, Guofei},
  booktitle={Proceedings of the first workshop on Hot topics in software defined networks},
  pages={121--126},
  year={2012},
  organization={ACM}
}
@inproceedings{jafarian2012openflow,
  title={Openflow random host mutation: transparent moving target defense using software defined networking},
  author={Jafarian, Jafar Haadi and Al-Shaer, Ehab and Duan, Qi},
  booktitle={Proceedings of the first workshop on Hot topics in software defined networks},
  pages={127--132},
  year={2012},
  organization={ACM}
}
@inproceedings{dixit2013towards,
  title={Towards an elastic distributed SDN controller},
  author={Dixit, Advait and Hao, Fang and Mukherjee, Sarit and Lakshman, TV and Kompella, Ramana},
  booktitle={ACM SIGCOMM Computer Communication Review},
  volume={43},
  number={4},
  pages={7--12},
  year={2013},
  organization={ACM}
}
@inproceedings{fayazbakhsh2013flowtags,
  title={FlowTags: enforcing network-wide policies in the presence of dynamic middlebox actions},
  author={Fayazbakhsh, Seyed Kaveh and Sekar, Vyas and Yu, Minlan and Mogul, Jeffrey C},
  booktitle={Proceedings of the second ACM SIGCOMM workshop on Hot topics in software defined networking},
  pages={19--24},
  year={2013},
  organization={ACM}
}
@inproceedings{heller2013leveraging,
  title={Leveraging SDN layering to systematically troubleshoot networks},
  author={Heller, Brandon and Scott, Colin and McKeown, Nick and Shenker, Scott and Wundsam, Andreas and Zeng, Hongyi and Whitlock, Sam and Jeyakumar, Vimalkumar and Handigol, Nikhil and McCauley, James and others},
  booktitle={Proceedings of the second ACM SIGCOMM workshop on Hot topics in software defined networking},
  pages={37--42},
  year={2013},
  organization={ACM}
}
@inproceedings{huang2013high,
  title={High-fidelity switch models for software-defined network emulation},
  author={Huang, Danny Yuxing and Yocum, Kenneth and Snoeren, Alex C},
  booktitle={Proceedings of the second ACM SIGCOMM workshop on Hot topics in software defined networking},
  pages={43--48},
  year={2013},
  organization={ACM}
}
@inproceedings{katta2013incremental,
  title={Incremental consistent updates},
  author={Katta, Naga Praveen and Rexford, Jennifer and Walker, David},
  booktitle={Proceedings of the second ACM SIGCOMM workshop on Hot topics in software defined networking},
  pages={49--54},
  year={2013},
  organization={ACM}
}
@inproceedings{kreutz2013towards,
  title={Towards secure and dependable software-defined networks},
  author={Kreutz, Diego and Ramos, Fernando and Verissimo, Paulo},
  booktitle={Proceedings of the second ACM SIGCOMM workshop on Hot topics in software defined networking},
  pages={55--60},
  year={2013},
  organization={ACM}
}
@inproceedings{kuga2013etherpipe,
  title={EtherPIPE: an Ethernet character device for network scripting},
  author={Kuga, Yohei and Matsuya, Takeshi and Hazeyama, Hiroaki and Cho, Kenjiro and Nakamura, Osamu},
  booktitle={Proceedings of the second ACM SIGCOMM workshop on Hot topics in software defined networking},
  pages={61--66},
  year={2013},
  organization={ACM}
}
@inproceedings{martins2013enabling,
  title={Enabling fast, dynamic network processing with clickos},
  author={Martins, Joao and Ahmed, Mohamed and Raiciu, Costin and Huici, Felipe},
  booktitle={Proceedings of the second ACM SIGCOMM workshop on Hot topics in software defined networking},
  pages={67--72},
  year={2013},
  organization={ACM}
}
@inproceedings{moshref2013resource,
  title={Resource/accuracy tradeoffs in software-defined measurement},
  author={Moshref, Masoud and Yu, Minlan and Govindan, Ramesh},
  booktitle={Proceedings of the second ACM SIGCOMM workshop on Hot topics in software defined networking},
  pages={73--78},
  year={2013},
  organization={ACM}
}
@inproceedings{pan2013flowadapter,
  title={The FlowAdapter: Enable flexible multi-table processing on legacy hardware},
  author={Pan, Heng and Guan, Hongtao and Liu, Junjie and Ding, Wanfu and Lin, Chengyong and Xie, Gaogang},
  booktitle={Proceedings of the second ACM SIGCOMM workshop on Hot topics in software defined networking},
  pages={85--90},
  year={2013},
  organization={ACM}
}
@inproceedings{pongracz2013cheap,
  title={Cheap silicon: a myth or reality? picking the right data plane hardware for software defined networking},
  author={Pongr{\'a}cz, Gergely and Moln{\'a}r, L{\'a}szl{\'o} and Kis, Zolt{\'a}n Lajos and Tur{\'a}nyi, Zolt{\'a}n},
  booktitle={Proceedings of the second ACM SIGCOMM workshop on Hot topics in software defined networking},
  pages={103--108},
  year={2013},
  organization={ACM}
}
@inproceedings{reitblatt2013fattire,
  title={Fattire: Declarative fault tolerance for software-defined networks},
  author={Reitblatt, Mark and Canini, Marco and Guha, Arjun and Foster, Nate},
  booktitle={Proceedings of the second ACM SIGCOMM workshop on Hot topics in software defined networking},
  pages={109--114},
  year={2013},
  organization={ACM}
}
@inproceedings{schmid2013exploiting,
  title={Exploiting locality in distributed SDN control},
  author={Schmid, Stefan and Suomela, Jukka},
  booktitle={Proceedings of the second ACM SIGCOMM workshop on Hot topics in software defined networking},
  pages={121--126},
  year={2013},
  organization={ACM}
}
@inproceedings{song2013protocol,
  title={Protocol-oblivious forwarding: Unleash the power of SDN through a future-proof forwarding plane},
  author={Song, Haoyu},
  booktitle={Proceedings of the second ACM SIGCOMM workshop on Hot topics in software defined networking},
  pages={127--132},
  year={2013},
  organization={ACM}
}

@inproceedings{vanbever2013hotswap,
  title={Hotswap: Correct and efficient controller upgrades for software-defined networks},
  author={Vanbever, Laurent and Reich, Joshua and Benson, Theophilus and Foster, Nate and Rexford, Jennifer},
  booktitle={Proceedings of the second ACM SIGCOMM workshop on Hot topics in software defined networking},
  pages={133--138},
  year={2013},
  organization={ACM}
}
@inproceedings{williams2013cementing,
  title={Cementing high availability in OpenFlow with RuleBricks},
  author={Williams, Dan and Jamjoom, Hani},
  booktitle={Proceedings of the second ACM SIGCOMM workshop on Hot topics in software defined networking},
  pages={139--144},
  year={2013},
  organization={ACM}
}
@inproceedings{berde2014onos,
  title={ONOS: towards an open, distributed SDN OS},
  author={Berde, Pankaj and Gerola, Matteo and Hart, Jonathan and Higuchi, Yuta and Kobayashi, Masayoshi and Koide, Toshio and Lantz, Bob and O'Connor, Brian and Radoslavov, Pavlin and Snow, William and others},
  booktitle={Proceedings of the third workshop on Hot topics in software defined networking},
  pages={1--6},
  year={2014},
  organization={ACM}
}
@inproceedings{hand2014closedflow,
  title={ClosedFlow: OpenFlow-like control over proprietary devices},
  author={Hand, Ryan and Keller, Eric},
  booktitle={Proceedings of the third workshop on Hot topics in software defined networking},
  pages={7--12},
  year={2014},
  organization={ACM}
}
@inproceedings{mekky2014application,
  title={Application-aware data plane processing in SDN},
  author={Mekky, Hesham and Hao, Fang and Mukherjee, Sarit and Zhang, Zhi-Li and Lakshman, TV},
  booktitle={Proceedings of the third workshop on Hot topics in software defined networking},
  pages={13--18},
  year={2014},
  organization={ACM}
}
@inproceedings{al2014openvirtex,
  title={OpenVirteX: Make your virtual SDNs programmable},
  author={Al-Shabibi, Ali and De Leenheer, Marc and Gerola, Matteo and Koshibe, Ayaka and Parulkar, Guru and Salvadori, Elio and Snow, Bill},
  booktitle={Proceedings of the third workshop on Hot topics in software defined networking},
  pages={25--30},
  year={2014},
  organization={ACM}
}
@inproceedings{ros2014five,
  title={Five nines of southbound reliability in software-defined networks},
  author={Ros, Francisco Javier and Ruiz, Pedro Miguel},
  booktitle={Proceedings of the third workshop on Hot topics in software defined networking},
  pages={31--36},
  year={2014},
  organization={ACM}
}
@inproceedings{nagaraj2014procel,
  title={ProCel: Smart traffic handling for a scalable software epc},
  author={Nagaraj, Kanthi and Katti, Sachin},
  booktitle={Proceedings of the third workshop on Hot topics in software defined networking},
  pages={43--48},
  year={2014},
  organization={ACM}
}
@inproceedings{baldin2014resource,
  title={A resource delegation framework for software defined networks},
  author={Baldin, Ilya and Huang, Shu and Gopidi, Rajesh},
  booktitle={Proceedings of the third workshop on Hot topics in software defined networking},
  pages={49--54},
  year={2014},
  organization={ACM}
}
@inproceedings{moshref2014flow,
  title={Flow level state transition as a new switch primitive for SDN},
  author={Moshref, Masoud and Bhargava, Apoorv and Gupta, Adhip and Yu, Minlan and Govindan, Ramesh},
  booktitle={Proceedings of the third workshop on Hot topics in software defined networking},
  pages={61--66},
  year={2014},
  organization={ACM}
}
@inproceedings{gudipati2013softran,
  title={SoftRAN: Software defined radio access network},
  author={Gudipati, Aditya and Perry, Daniel and Li, Li Erran and Katti, Sachin},
  booktitle={Proceedings of the second ACM SIGCOMM workshop on Hot topics in software defined networking},
  pages={25--30},
  year={2013},
  organization={ACM}
}
@inproceedings{gupta2013fast,
  title={Fast, accurate simulation for SDN prototyping},
  author={Gupta, Mukta and Sommers, Joel and Barford, Paul},
  booktitle={Proceedings of the second ACM SIGCOMM workshop on Hot topics in software defined networking},
  pages={31--36},
  year={2013},
  organization={ACM}
}
@inproceedings{pereini2014espres,
  title={ESPRES: transparent SDN update scheduling},
  author={Pere{\'\i}ni, Peter and Kuzniar, Maciej and Canini, Marco and Kosti{\'c}, Dejan},
  booktitle={Proceedings of the third workshop on Hot topics in software defined networking},
  pages={73--78},
  year={2014},
  organization={ACM}
}
@inproceedings{fayaz2014testing,
  title={Testing stateful and dynamic data planes with FlowTest},
  author={Fayaz, Seyed K and Sekar, Vyas},
  booktitle={Proceedings of the third workshop on Hot topics in software defined networking},
  pages={79--84},
  year={2014},
  organization={ACM}
}
@inproceedings{yu2014distributed,
  title={Distributed and collaborative traffic monitoring in software defined networks},
  author={Yu, Ye and Qian, Chen and Li, Xin},
  booktitle={Proceedings of the third workshop on Hot topics in software defined networking},
  pages={85--90},
  year={2014},
  organization={ACM}
}
@inproceedings{beckett2014assertion,
  title={An assertion language for debugging SDN applications},
  author={Beckett, Ryan and Zou, Xuan Kelvin and Zhang, Shuyuan and Malik, Sharad and Rexford, Jennifer and Walker, David},
  booktitle={Proceedings of the third workshop on Hot topics in software defined networking},
  pages={91--96},
  year={2014},
  organization={ACM}
}
@inproceedings{hu2014flowguard,
  title={FLOWGUARD: building robust firewalls for software-defined networks},
  author={Hu, Hongxin and Han, Wonkyu and Ahn, Gail-Joon and Zhao, Ziming},
  booktitle={Proceedings of the third workshop on Hot topics in software defined networking},
  pages={97--102},
  year={2014},
  organization={ACM}
}
@inproceedings{matsumoto2014fleet,
  title={Fleet: defending SDNs from malicious administrators},
  author={Matsumoto, Stephanos and Hitz, Samuel and Perrig, Adrian},
  booktitle={Proceedings of the third workshop on Hot topics in software defined networking},
  pages={103--108},
  year={2014},
  organization={ACM}
}
@inproceedings{schwabe2014using,
  title={Using MAC addresses as efficient routing labels in data centers},
  author={Schwabe, Arne and Karl, Holger},
  booktitle={Proceedings of the third workshop on Hot topics in software defined networking},
  pages={115--120},
  year={2014},
  organization={ACM}
}
@inproceedings{borokhovich2014provable,
  title={Provable data plane connectivity with local fast failover: Introducing openflow graph algorithms},
  author={Borokhovich, Michael and Schiff, Liron and Schmid, Stefan},
  booktitle={Proceedings of the third workshop on Hot topics in software defined networking},
  pages={121--126},
  year={2014},
  organization={ACM}
}
@inproceedings{nguyen2014optimizing,
  title={Optimizing rules placement in OpenFlow networks: trading routing for better efficiency},
  author={Nguyen, Xuan-Nam and Saucez, Damien and Barakat, Chadi and Turletti, Thierry},
  booktitle={Proceedings of the third workshop on Hot topics in software defined networking},
  pages={127--132},
  year={2014},
  organization={ACM}
}
@inproceedings{krishnamurthy2014pratyaastha,
  title={Pratyaastha: An efficient elastic distributed SDN control plane},
  author={Krishnamurthy, Anand and Chandrabose, Shoban P and Gember-Jacobson, Aaron},
  booktitle={Proceedings of the third workshop on Hot topics in software defined networking},
  pages={133--138},
  year={2014},
  organization={ACM}
}
@inproceedings{agarwal2014sdn,
  title={SDN traceroute: Tracing SDN forwarding without changing network behavior},
  author={Agarwal, Kanak and Rozner, Eric and Dixon, Colin and Carter, John},
  booktitle={Proceedings of the third workshop on Hot topics in software defined networking},
  pages={145--150},
  year={2014},
  organization={ACM}
}
@inproceedings{yan2014cab,
  title={CAB: A reactive wildcard rule caching system for software-defined networks},
  author={Yan, Bo and Xu, Yang and Xing, Hongya and Xi, Kang and Chao, H Jonathan},
  booktitle={Proceedings of the third workshop on Hot topics in software defined networking},
  pages={163--168},
  year={2014},
  organization={ACM}
}
@inproceedings{katta2014infinite,
  title={Infinite cacheflow in software-defined networks},
  author={Katta, Naga and Alipourfard, Omid and Rexford, Jennifer and Walker, David},
  booktitle={Proceedings of the third workshop on Hot topics in software defined networking},
  pages={175--180},
  year={2014},
  organization={ACM}
}
@inproceedings{wen2014compiling,
  title={Compiling minimum incremental update for modular SDN languages},
  author={Wen, Xitao and Diao, Chunxiao and Zhao, Xun and Chen, Yan and Li, Li Erran and Yang, Bo and Bu, Kai},
  booktitle={Proceedings of the third workshop on Hot topics in software defined networking},
  pages={193--198},
  year={2014},
  organization={ACM}
}