\bibliographystyle{ieeetr}
@article{chen2016financial,
  title={Financial credit risk assessment: a recent review},
  author={Chen, Ning and Ribeiro, Bernardete and Chen, An},
  journal={Artificial Intelligence Review},
  volume={45},
  number={1},
  pages={1--23},
  year={2016},
  publisher={Springer}
}
@article{al2002using,
  title={Using logistic regression to estimate the influence of accident factors on accident severity},
  author={Al-Ghamdi, Ali S},
  journal={Accident Analysis \& Prevention},
  volume={34},
  number={6},
  pages={729--741},
  year={2002},
  publisher={Elsevier}
}
@online{Stanford,
  author = {Stanford University CS229},
  title = {{CS229} Supervised Machine Learning Techniques},
  year = 2015,
  url = {http://cs229.stanford.edu/notes/cs229-notes1.pdf},

}


@article{maind2014research,
  title={Research paper on basic of Artificial Neural Network},
  author={Maind, Sonali B and Wankar, Priyanka and others},
  journal={International Journal on Recent and Innovation Trends in Computing and Communication},
  volume={2},
  number={1},
  pages={96--100},
  year={2014}
}
@inproceedings{guo2003knn,
  title={KNN model-based approach in classification},
  author={Guo, Gongde and Wang, Hui and Bell, David and Bi, Yaxin and Greer, Kieran},
  booktitle={OTM Confederated International Conferences" On the Move to Meaningful Internet Systems"},
  pages={986--996},
  year={2003},
  organization={Springer}
}
@article{decisiontree,
  title={Study of data mining algorithm based on decision tree},
  author={Li, Linna, and Xuemin Zhang},
  journal={International Conference on Compute and Data Analysis},
  year={2010}
}
@inproceedings{dal2015calibrating,
  title={Calibrating Probability with Undersampling for Unbalanced Classification},
  author={Dal Pozzolo, Andrea and Caelen, Olivier and Johnson, Reid A and Bontempi, Gianluca},
  booktitle={Computational Intelligence, 2015 IEEE Symposium Series on},
  pages={159--166},
  year={2015},
  organization={IEEE}
}

@article{yeh2009comparisons,
  title={The comparisons of data mining techniques for the predictive accuracy of probability of default of credit card clients},
  author={Yeh, I-Cheng and Lien, Che-hui},
  journal={Expert Systems with Applications},
  volume={36},
  number={2},
  pages={2473--2480},
  year={2009},
  publisher={Elsevier}
}
@article{svm,
  title={DATA CLASSIFICATION USING SUPPORT VECTOR MACHINE},
  author={DURGESH K. SRIVASTAVA, LEKHA BHAMBHU},
  journal={Journal of Theoretical and Applied Information Technology},
  volume={12},
  number={1},
  year={2010}
}
@article{maind2014research,
  title={
A Review of K-mean Algorithm
},
  author={J Yadav},
  journal={International Journal of Engineering Trends and Technology},
  volume={4},
  number={7},
  year={2013}
}
@inproceedings{rish2001empirical,
  title={An empirical study of the naive Bayes classifier},
  author={Rish, Irina},
  booktitle={IJCAI 2001 workshop on empirical methods in artificial intelligence},
  volume={3},
  number={22},
  pages={41--46},
  year={2001},
  organization={IBM New York}
}